@article{Zhou,
  author    = {Bolei Zhou and
               Aditya Khosla and
               {\`{A}}gata Lapedriza and
               Antonio Torralba and
               Aude Oliva},
  title     = {Places: An Image Database for Deep Scene Understanding},
  journal   = {CoRR},
  volume    = {abs/1610.02055},
  year      = {2016},
  url       = {http://arxiv.org/abs/1610.02055},
  timestamp = {Wed, 02 Nov 2016 09:51:26 +0100},
  biburl    = {http://dblp.uni-trier.de/rec/bib/journals/corr/ZhouKLTO16},
  bibsource = {dblp computer science bibliography, http://dblp.org}
}

@article{Lin,
author={D. Lin and C. Lu and R. Liao and J. Jia},
journal={2014 IEEE Conference on Computer Vision and Pattern Recognition},
title={Learning Important Spatial Pooling Regions for Scene Classification},
year={2014},
pages={3726-3733},
keywords={image classification;image representation;false response influence problem;global image features;latent image structure;midlevel representation;scene classification;spatial pooling region;Convolution;Feature extraction;Joints;Motion pictures;Support vector machines;Vectors;Visualization},
doi={10.1109/CVPR.2014.476},
ISSN={1063-6919},
month={June},}

@article{Wu,
  author={R. Wu and B. Wang and W. Wang and Y. Yu},
  journal={2015 IEEE International Conference on Computer Vision (ICCV)},
  title={Harvesting Discriminative Meta Objects with Deep CNN Features for Scene Classification},
  year={2015},
  pages={1287-1295},
  keywords={convolution;feature extraction;image classification;image representation;neural nets;unsupervised learning;convolutional neural network;deep CNN;feature extraction;feature response map;metaobject learning;scene classification;scene image representation;unsupervised learning;Aggregates;Computers;Feature extraction;Pipelines;Proposals;Supervised learning;Visualization},
  doi={10.1109/ICCV.2015.152},
  month={Dec},}

@article{Rasiwasia,
author={N. Rasiwasia and N. Vasconcelos},
journal={IEEE Conference on Computer Vision and Pattern Recognition (CVPR)},
title={Scene Classification with Low-dimensional Semantic Spaces and Weak Supervision},
year={2008},}


@article{ResNet,
  author    = {Kaiming He and
               Xiangyu Zhang and
               Shaoqing Ren and
               Jian Sun},
  title     = {Deep Residual Learning for Image Recognition},
  journal   = {CoRR},
  volume    = {abs/1512.03385},
  year      = {2015},
  url       = {http://arxiv.org/abs/1512.03385},
  timestamp = {Wed, 30 Mar 2016 23:40:00 +0200},
  biburl    = {http://dblp.uni-trier.de/rec/bib/journals/corr/HeZRS15},
  bibsource = {dblp computer science bibliography, http://dblp.org}
}

